<?xml version="1.0" encoding="UTF-8"?><collection xmlns="http://www.loc.gov/MARC21/slim"><record><leader>00326nam--2200133-i-4500</leader><controlfield tag="001">000040404</controlfield><controlfield tag="002">20161230</controlfield><controlfield tag="005">20161230201042</controlfield><controlfield tag="008">060222s1000------------r-----000-0-eng-d</controlfield><datafield ind1=" " ind2=" " tag="100"><subfield code="a">Savidan,L</subfield></datafield><datafield ind1=" " ind2=" " tag="245"><subfield code="a">Les resines echangueses d`ions</subfield></datafield><datafield ind1=" " ind2=" " tag="260"><subfield code="a">Paris, Dunod, 1965. Xi + 164 P</subfield></datafield><datafield ind1=" " ind2=" " tag="490"><subfield code="a">Monographies Dunod</subfield></datafield><datafield ind1=" " ind2=" " tag="852"><subfield code="a">21658</subfield></datafield></record></collection>